<?xml version="1.0" encoding="UTF-8"?><collection xmlns="http://www.loc.gov/MARC21/slim"><record><leader>00663nam--2200205-i-4500</leader><controlfield tag="001">000011376</controlfield><controlfield tag="002">20161230</controlfield><controlfield tag="005">20170305201655</controlfield><controlfield tag="008">060222s1000------------r-----000-0-fre-d</controlfield><datafield ind1=" " ind2=" " tag="040"><subfield code="a">IFIN-HH</subfield></datafield><datafield ind1=" " ind2=" " tag="041"><subfield code="a">fre</subfield></datafield><datafield ind1=" " ind2=" " tag="080"><subfield code="a">53(022)</subfield></datafield><datafield ind1="1" ind2=" " tag="100"><subfield code="a">Yavorsky, Boris M</subfield></datafield><datafield ind1="1" ind2="0" tag="245"><subfield code="a">Aide-memoire de physique. A l'usage des eleves de l'enseignement superieur scientifique et technique</subfield><subfield code="c">Boris Yavorski, Andrei Detlaf</subfield></datafield><datafield ind1=" " ind2=" " tag="260"><subfield code="a">Moscou</subfield><subfield code="b">Editions Mir</subfield><subfield code="c">1975</subfield></datafield><datafield ind1=" " ind2=" " tag="300"><subfield code="a">963 p</subfield></datafield><datafield ind1=" " ind2=" " tag="500"><subfield code="a">Titlul Original In Limba Rusa: Sprsvocenik Po Fizike Dlia Studentov Vuzov I Injenerov</subfield></datafield><datafield ind1="1" ind2=" " tag="700"><subfield code="a">Detlaf, Andrei A</subfield></datafield><datafield ind1=" " ind2=" " tag="852"><subfield code="a">42386</subfield><subfield code="c">53</subfield></datafield><datafield ind1=" " ind2=" " tag="CAT"><subfield code="a">SYS</subfield><subfield code="c">20170305</subfield><subfield code="h">201655</subfield></datafield></record></collection>